<record><leader>00000cas a2200000 a 4500</leader><controlfield tag="001">12222189</controlfield><controlfield tag="008">850701d19131941hiudn ne      0    0eng d</controlfield><datafield ind1=" " ind2=" " tag="010"><subfield code="a">sn 85047156 </subfield></datafield><datafield ind1=" " ind2=" " tag="040"><subfield code="a">HWN</subfield><subfield code="b">eng</subfield><subfield code="c">HWN</subfield><subfield code="d">OCL</subfield><subfield code="d">OCLCQ</subfield><subfield code="d">OCLCF</subfield><subfield code="d">OCLCO</subfield><subfield code="d">OCL</subfield></datafield><datafield ind1="0" ind2=" " tag="041"><subfield code="a">engjpn</subfield></datafield><datafield ind1=" " ind2=" " tag="042"><subfield code="a">msc</subfield></datafield><datafield ind1=" " ind2=" " tag="043"><subfield code="a">n-us-hi</subfield></datafield><datafield ind1="0" ind2="4" tag="245"><subfield code="a">The Hawaii mainichi.</subfield></datafield><datafield ind1="3" ind2="1" tag="246"><subfield code="a">Hawai mainichi</subfield></datafield><datafield ind1=" " ind2=" " tag="260"><subfield code="a">Hilo, Hawaii, T.H. :</subfield><subfield code="b">Hawaii Mainichi Sha</subfield></datafield><datafield ind1=" " ind2=" " tag="300"><subfield code="a">v. :</subfield><subfield code="b">ill. ;</subfield><subfield code="c">58 cm.</subfield></datafield><datafield ind1=" " ind2=" " tag="310"><subfield code="a">Daily (except Sun.)</subfield></datafield><datafield ind1="0" ind2=" " tag="362"><subfield code="a">-v. 35, no. 9122 (Dec. 8, 1941).</subfield></datafield><datafield ind1="1" ind2=" " tag="362"><subfield code="a">Began in 1913?</subfield></datafield><datafield ind1=" " ind2=" " tag="500"><subfield code="a">Japanese section has added masthead title: Hawai mainichi.</subfield></datafield><datafield ind1=" " ind2=" " tag="500"><subfield code="a">Editors: 1912-1920, J. Hayakawa; 1921-1937, G. Okubo ... [et al.]; &lt;1941&gt;, N. Tokushiro.</subfield></datafield><datafield ind1=" " ind2=" " tag="546"><subfield code="a">In English and Japanese.</subfield></datafield><datafield ind1=" " ind2=" " tag="588"><subfield code="a">Description based on: Vol. 7, no. 6549 (July 23, 1934).</subfield></datafield><datafield ind1=" " ind2="0" tag="651"><subfield code="a">Hawaii</subfield><subfield code="v">Newspapers.</subfield></datafield><datafield ind1=" " ind2="0" tag="650"><subfield code="a">Japanese newspapers</subfield><subfield code="z">Hawaii.</subfield></datafield><datafield ind1=" " ind2="7" tag="650"><subfield code="a">Japanese newspapers.</subfield><subfield code="2">fast</subfield><subfield code="0">(OCoLC)fst00981873</subfield></datafield><datafield ind1=" " ind2="7" tag="651"><subfield code="a">Hawaii.</subfield><subfield code="2">fast</subfield><subfield code="0">(OCoLC)fst01208724</subfield></datafield><datafield ind1=" " ind2="7" tag="655"><subfield code="a">Newspapers.</subfield><subfield code="2">fast</subfield><subfield code="0">(OCoLC)fst01423814</subfield></datafield><datafield ind1="1" ind2=" " tag="700"><subfield code="a">Hayakawa, Jiro&#772;.</subfield></datafield><datafield ind1="1" ind2=" " tag="700"><subfield code="a">Okubo, Gen&#700;ichi.</subfield></datafield><datafield ind1="1" ind2=" " tag="700"><subfield code="a">Tokushiro, N.</subfield></datafield><datafield ind1=" " ind2=" " tag="752"><subfield code="a">United States</subfield><subfield code="b">Hawaii</subfield><subfield code="c">Hawaii</subfield><subfield code="d">Hilo.</subfield></datafield><datafield ind1="0" ind2="0" tag="780"><subfield code="t">Hawai shokumin shinbun</subfield><subfield code="w">(DLC)sn 87099791</subfield><subfield code="w">(OCoLC)15106541</subfield></datafield></record>